% Within this .bib-file use 'and' to specify more than one author.

% You have to use only the english abbreviations WITHOUT curly brackets
% for months! e.g.: 'jan', 'feb', 'mar', 'apr', 'may', 'jun', 'jul',
% 'aug', 'sep', 'oct', 'nov', 'dec'.


%%%%%%%% book
%%
%% A Book with an explicit publisher.
%%
%% Required fields:
%% author or editor, title, publisher, year
%%
%% Optional fields:
%% volume or number, series, address, edition, month, isbn, note

@book{Coulouris:02,
  author    = {George Coulouris and Jean Dollimore and Tim Kindberg},
  title     = {{Verteilte Systeme: Konzepte und Design}},
  edition   = {3.},
  publisher = {Addison Wesley},
  address   = {München},
  year      = 2002,
  isbn      = {3-8273-7022-1}
}

@book{Cormen:90,
  author    = {Thomas H. Cormen and Charles E. Leiserson and Ronald L. Rivest},
  title     = {{Introduction to Algorithms}},
  publisher = {The MIT Press},
  address   = {Cambridge, Massachusetts},
  year      = 1990,
  isbn      = {0-262-03141-8}
}


%%%%%%%% inbook
%%
%% A part of a book which may be a chapter (or section or whatever) and/or
%% a range of pages.
%%
%% Required fields:
%% author or editor, title, chapter and/or pages, publisher, year
%%
%% Optional fields:
%% volume or number, series, type, address, edition, month, note


%%%%%%%% booklet
%%
%% A work that is printed and bound, but without a named publisher or
%% sponsoring institution.
%%
%% Required fields:
%% title
%%
%% Optional fields:
%% author, howpublished, address, month, year, note


%%%%%%%% proceedings
%%
%% The proceedings of a conference. See also: inproceedings.
%%
%% Required fields:
%% title, year
%%
%% Optional fields:
%% editor, volume or number, series, address, month, organization, publisher, note


%%%%%%%% inproceedings
%%
%% An article in a conference preceedings.
%%
%% Required fields:
%% author, title, booktitle, year
%%
%% Optional fields:
%% editor, volume or number, series, pages, address, month, organization,
%% publisher, note


%%%%%%%% article
%%
%% An article from a journal or magazine.
%%
%% Required fields:
%% author, title, journal, year
%%
%% Optional fields:
%% volume, number, pages, month, note

@article{Cheriton:85,
  author  = {David R. Cheriton},
  title   = {{Preliminary Thoughts on Problem-oriented Shared Memory: A Decentralized Approach to Distributed Systems}},
  journal = {ACM SIGOPS Operating Systems Review},
  year    = 1985,
  volume  = 19,
  number  = 4,
  pages   = {26-33}
}


%%%%%%%% phdthesis
%%
%% A PhD, Master, Bachelor oder Diploma thesis.
%%
%% Required fields:
%% author, title, school, year
%%
%% Optional fields:
%% type, address, month, note

@phdthesis{Gottwald:03,
  author = {Tim Gottwald and Rainer Oechsle},
  title  = {{DisASTer (Distributed Algorithms Simulation Terrain): A Platform for the Implementation of Distributed Algorithms}},
  school = {{Fachhochschule Trier, Fachbereich Informatik}},
  year   = 2003,
  type   = {Diplomarbeit}
}

@phdthesis{Nannen:03,
  author = {Volker Nannen},
  title  = {{The Paradox of Overfitting}},
  school = {Rijksuniversiteit Groningen},
  year   = {2003},
  type   = {Master-Abschlussarbeit}
}


%%%%%%%% techreport
%%
%% A report published by a school or other institution, usally
%% numbered within a series.
%%
%% Required fields:
%% author, title, institution, year
%%
%% Optional fields:
%% type, number, address, month, note

@techreport{Mosberger:93,
  author      = {David Mosberger},
  title       = {{Memory Consistency Models}},
  year        = 1993,
  month       = Nov,
  type        = {Technical Report},
  number      = {93/11},
  institution = {University of Arizona, Department of Computer Science}
}

@techreport{Malte:97,
  author      = {Peter Malte},
  title       = {{Replikation in Mobile Computing}},
  institution = {Universität Karlsruhe, Institut für Telematik},
  year        = 1997,
  type        = {Seminar},
  number      = {31/1997}
}


%%%%%%%% manual
%%
%% Technical documentation.
%%
%% Required fields:
%% title
%%
%% Optional fields:
%% author, editor, organization, address, edition, month, year, note


%%%%%%%% misc
%%
%% Use this type when nothing else fits, e.g. for web pages.
%%
%% Required fields:
%% none
%%
%% Optional fields:
%% author, key, title, howpublished, month, year, note

@misc{wiki:listing,
	title        = {{Wikipedia: Interoperability}},
	howpublished = {\url{https://en.wikipedia.org/wiki/Interoperability}},
	note         = {Abgerufen am 27.07.2024}
}

@misc{Angular:2024,
	title        = {{Angular - Landing Page}},
	howpublished = {\url{https://angular.io}},
	note         = {Abgerufen am 02.06.2024},
	year 		 = 2024
}

@misc{Angular2:2024,
	title        = {{Angular components overview}},
	howpublished = {\url{https://v17.angular.io/guide/component-overview}},
	note         = {Abgerufen am 18.08.2024},
	year 		 = 2024
}

@misc{Angular3:2024,
	title        = {{Routing in single-page applications}},
	howpublished = {\url{https://angular.dev/guide/routing/router-tutorial}},
	note         = {Abgerufen am 18.08.2024},
	year 		 = 2024
}



@misc{HTML/CSS:2024,
	title        = {{HTML For Beginners}},
	howpublished = {\url{https://html.com}},
	note         = {Abgerufen am 02.06.2024},
	year 		 = 2024
}

@misc{Typescript:2024,
	author		 = {Meredith Shubel},
	title        = {{Typescript}},
	howpublished = {\url{https://thenewstack.io/what-is-typescript/}},
	note         = {Abgerufen am 18.08.2024},
	year 		 = 2022
}

@misc{Java:2024,
	title        = {{What is Java technology and why do I need it?}},
	howpublished = {\url{https://www.java.com/en/download/help/whatis_java.html}},
	note         = {Abgerufen am 19.08.2024},
	year 		 = 2024
}

@misc{REST:2024,
	title        = {{What is REST?}},
	howpublished = {\url{https://www.codecademy.com/article/what-is-rest}},
	note         = {Abgerufen am 18.08.2024},
	year 		 = 2024
}


@misc{UML:2023,
	title        = {{An introduction to the Unified Modeling Language}},
	author		 = {Donald Bell},
	howpublished = {\url{https://developer.ibm.com/articles/an-introduction-to-uml/}},
	note         = {Abgerufen am 26.07.2024},
	year 		 = 2023
}

@misc{HTTPS:2024,
	title        = {{An overview of HTTP}},
	howpublished = {\url{https://developer.mozilla.org/en-US/docs/Web/HTTP/Overview}},
	note         = {Abgerufen am 19.08.2024},
	year 		 = 2024
}

@misc{SSL/TLS:2023,
	title        = {{What is SSL/TLS: An In-Depth Guide}},
	author		 = {Donald Bell},
	howpublished = {\url{https://www.ssl.com/article/what-is-ssl-tls-an-in-depth-guide/}},
	note         = {Abgerufen am 19.08.2024},
	year 		 = 2023
}

@misc{IBM:o.J,
	title        = {{What is a relational database?}},
	author		 = {IBM},
	howpublished = {\url{https://www.ibm.com/topics/relational-databases/}},
	note         = {Abgerufen am 14.08.2024},
	year 		 = o. J
}

@misc{Docs-Spring:o.J,
	title        = {{Spring Data JPA}},
	author		 = {Spring},
	howpublished = {\url{https://www.ibm.com/topics/relational-databases/}},
	note         = {Abgerufen am 14.08.2024},
	year 		 = o. J
}


@misc{Baeldung:o.J,
	title        = {{JPA Entities}},
	author		 = {Baeldung},
	howpublished = {\url{https://www.baeldung.com/jpa-entities/}},
	note         = {Abgerufen am 14.08.2024},
	year 		 = o. J
}

@misc{Docs-Spring-JPA-Repo:o.J,
	title        = {{JPA Repositories}},
	author		 = {Spring},
	howpublished = {\url{https://docs.spring.io/spring-data/jpa/docs/1.6.0.RELEASE/reference/html/jpa.repositories.html/}},
	note         = {Abgerufen am 14.08.2024},
	year 		 = o. J
}

@misc{Docs-Spring-JPA-QueryMethods:o.J,
	title        = {{JPA Query Methods}},
	author		 = {Spring},
	howpublished = {\url{/https://docs.spring.io/spring-data/jpa/reference/jpa/query-methods.html/}},
	note         = {Abgerufen am 14.08.2024},
	year 		 = o. J
}

@misc{Baeldung-EntityManager:2024,
	title        = {{EntityManager}},
	author		 = {Baeldung},
	howpublished = {\url{https://www.baeldung.com/hibernate-entitymanager/}},
	note         = {Abgerufen am 14.08.2024},
	year 		 = 2024
}

@misc{Hibernate:o.J,
	title        = {{Hibernate}},
	author		 = {Hibernate},
	howpublished = {\url{https://hibernate.org/orm/what-is-an-orm/}},
	note         = {Abgerufen am 14.08.2024},
	year 		 = o. J
}

@misc{mySQL:o.J,
	title        = {{MySQL Workbench Manual}},
	author		 = {mySQL},
	howpublished = {\url{https://dev.mysql.com/doc/workbench/en/wb-intro.html}},
	note         = {Abgerufen am 14.08.2024},
	year 		 = o. J
}


@misc{Jetbrains:o.J,
	title        = {{The IDE for Spring developers}},
	author		 = {Jetbrains},
	howpublished = {\url{https://www.jetbrains.com/idea/spring/}},
	note         = {Abgerufen am 14.08.2024},
	year 		 = o. J
}

@misc{visual-studio:o.J,
  title        = {Visual Studio Code Overview},
  author       = {Visual Studio Team},
  howpublished = {\url{https://code.visualstudio.com/docs}},
  note         = {Abgerufen am 14. August 2024},
  year         = o. J
}

@misc{visualstudio-angular:o.J,
  title        = {Using Angular in Visual Studio Code},
  author       = {Visual Studio Team},
  howpublished = {\url{https://code.visualstudio.com/docs/nodejs/angular-tutorial}},
  note         = {Abgerufen am 14. August 2024},
  year         = o. J
}

@misc{git-scmr:o.J,
  title        = {Git About},
  author       = {Git Team},
  howpublished = {\url{https://git-scm.com/about}},
  note         = {Abgerufen am 14. August 2024},
  year         = o. J
}

@misc{github:o.J,
  title        = {GitHub About},
  author       = {GitHub Team},
  howpublished = {\url{https://docs.github.com/en/get-started/start-your-journey/about-github-and-git#about-github}},
  note         = {Abgerufen am 14. August 2024},
  year         = o. J
}

@misc{Spring-Security:o.J,
  title        = {Spring Security},
  author       = {Spring},
  howpublished = {\url{https://spring.io/projects/spring-security}},
  note         = {Abgerufen am 14. August 2024},
  year         = o. J
}




